<?xml version="1.0" encoding="UTF-8"?><record xmlns="http://www.loc.gov/MARC21/slim" xmlns:cinclude="http://apache.org/cocoon/include/1.0" xmlns:zs="http://www.loc.gov/zing/srw/">
  <leader>00655cz  a2200157n  4500</leader>
  <controlfield tag="001">n  87865466 </controlfield>
  <controlfield tag="003">DLC</controlfield>
  <controlfield tag="005">20110518074804.0</controlfield>
  <controlfield tag="008">870810n| acannaabn          |n aaa      </controlfield>
  <datafield tag="010" ind1=" " ind2=" ">
    <subfield code="a">n  87865466 </subfield>
  </datafield>
  <datafield tag="035" ind1=" " ind2=" ">
    <subfield code="a">(OCoLC)oca01914196</subfield>
  </datafield>
  <datafield tag="040" ind1=" " ind2=" ">
    <subfield code="a">DLC</subfield>
    <subfield code="b">eng</subfield>
    <subfield code="c">DLC</subfield>
    <subfield code="d">DLC</subfield>
    <subfield code="d">OCoLC</subfield>
    <subfield code="d">OCUCA</subfield>
  </datafield>
  <datafield tag="100" ind1="1" ind2=" ">
    <subfield code="a">Drimmer, Melvin</subfield>
  </datafield>
  <datafield tag="670" ind1=" " ind2=" ">
    <subfield code="a">His Issues in Black history, c1987:</subfield>
    <subfield code="b">t.p. (Melvin Drimmer) p. 4 of cover (Dr. Drimmer, prof. of hist., Cleveland State Univ.)</subfield>
  </datafield>
  <datafield tag="670" ind1=" " ind2=" ">
    <subfield code="a">LC data base, 8/12/87</subfield>
    <subfield code="b">(hdg.: Drimmer, Melvin)</subfield>
  </datafield>
  <datafield tag="670" ind1=" " ind2=" ">
    <subfield code="a">WWWA:</subfield>
    <subfield code="b">v. 10 1989-1993 (Drimmer, Melvin; historian, educator; b. Bronx, N.Y., Nov. 2, 1934; Ph.D., Univ. Rochester, 1965; d. June 17, 1992)</subfield>
  </datafield>
</record>